<?xml version="1.0" encoding="UTF-8"?>
<record xmlns="http://www.loc.gov/MARC21/slim" xmlns:xsi="http://www.w3.org/2001/XMLSchema-instance" xsi:schemaLocation="http://www.loc.gov/MARC21/slim http://www.loc.gov/standards/marcxml/schema/MARC21slim.xsd">
<leader>     nam a2200229 a 4500</leader>
<controlfield tag="001">000746720</controlfield>
<controlfield tag="003">NNU</controlfield>
<controlfield tag="005">20061010171236.0</controlfield>
<controlfield tag="008">020502s1951    ua            000 0 ara d</controlfield>
<datafield tag="035" ind1="9" ind2=" ">
<subfield code="a">NYUb12538456</subfield>
</datafield>
<datafield tag="035" ind1=" " ind2=" ">
<subfield code="a">(CStRLIN)NYUG02-B1563</subfield>
</datafield>
<datafield tag="040" ind1=" " ind2=" ">
<subfield code="a">Recon MBB</subfield>
<subfield code="c">MBB</subfield>
<subfield code="d">CGU</subfield>
<subfield code="d">CStRLIN</subfield>
<subfield code="d">NNU</subfield>
</datafield>
<datafield tag="066" ind1=" " ind2=" ">
<subfield code="c">(3</subfield>
</datafield>
<datafield tag="090" ind1=" " ind2=" ">
<subfield code="a">PL205</subfield>
<subfield code="b">.M47 1951</subfield>
</datafield>
<datafield tag="100" ind1="1" ind2=" ">
<subfield code="a">Miṣrī, Ḥusayn Mujīb</subfield>
<subfield code="6">880-01</subfield>
</datafield>
<datafield tag="245" ind1="1" ind2="0">
<subfield code="6">880-02</subfield>
<subfield code="a">Tārīkh al-adab al-Turkī /</subfield>
<subfield code="c">Ḥusayn Mujīb al-Miṣrī.</subfield>
</datafield>
<datafield tag="260" ind1=" " ind2=" ">
<subfield code="6">880-03</subfield>
<subfield code="a">[al-Qāhirah] :</subfield>
<subfield code="b">Maṭbuʻah al-Fikrah,</subfield>
<subfield code="c">[1951]</subfield>
</datafield>
<datafield tag="300" ind1=" " ind2=" ">
<subfield code="a">607 p. ;</subfield>
<subfield code="c">20 cm.</subfield>
</datafield>
<datafield tag="650" ind1=" " ind2="0">
<subfield code="a">Turkish literature</subfield>
<subfield code="x">History and criticism.</subfield>
</datafield>
<datafield tag="880" ind1="1" ind2=" ">
<subfield code="6">100-01/</subfield>
<subfield code="a">مصرى، حسين مجيب.</subfield>
</datafield>
<datafield tag="880" ind1="1" ind2="0">
<subfield code="6">245-02/</subfield>
<subfield code="a">تاريخ الادب التركى /</subfield>
<subfield code="c">حسين مجيب المصرى.</subfield>
</datafield>
<datafield tag="880" ind1=" " ind2=" ">
<subfield code="6">260-03/</subfield>
<subfield code="a">[القاهره] ؛</subfield>
<subfield code="b">مطبعة الفكرة،</subfield>
<subfield code="c">[١٩٥١]</subfield>
</datafield>
<datafield tag="OWN" ind1=" " ind2=" ">
<subfield code="a">GENERAL</subfield>
</datafield>
<datafield tag="998" ind1=" " ind2=" ">
<subfield code="a">20020502</subfield>
<subfield code="d">20020502</subfield>
<subfield code="d">20020502</subfield>
<subfield code="n">NNU</subfield>
<subfield code="s">1</subfield>
<subfield code="t">c</subfield>
<subfield code="z">p</subfield>
</datafield>
<datafield tag="AVA" ind1=" " ind2=" ">
<subfield code="a">NYU50</subfield>
<subfield code="b">BOBST</subfield>
<subfield code="c">Main Collection</subfield>
<subfield code="d">PL205 .M565 1951</subfield>
<subfield code="e">unavailable</subfield>
<subfield code="t">Unavailable</subfield>
<subfield code="f">1</subfield>
<subfield code="g">1</subfield>
<subfield code="h">N</subfield>
<subfield code="i">0</subfield>
<subfield code="j">MAIN</subfield>
<subfield code="k">0</subfield>
</datafield>
</record>
